{
  "leader": "04927cam a2200685 a 4500",
  "fields": [
    {
      "001": "ocm62326859\\"
    },
    {
      "003": "OCoLC"
    },
    {
      "005": "20220104130715.0"
    },
    {
      "008": "051102s2006\\\\\\\\nyuacf\\\\\\b\\\\\\\\001\\0ceng\\\\"
    },
    {
      "010": {
        "ind1": "\\",
        "ind2": "\\",
        "subfields": [
          {
            "a": "  2005055146"
          }
        ]
      }
    },
    {
      "040": {
        "ind1": "\\",
        "ind2": "\\",
        "subfields": [
          {
            "a": "DLC"
          },
          {
            "b": "eng"
          },
          {
            "c": "DLC"
          },
          {
            "d": "BAKER"
          },
          {
            "d": "GK8"
          },
          {
            "d": "C#P"
          },
          {
            "d": "IXA"
          },
          {
            "d": "YBM"
          },
          {
            "d": "YDXCP"
          },
          {
            "d": "BTCTA"
          },
          {
            "d": "GC0"
          },
          {
            "d": "SMP"
          },
          {
            "d": "CQU"
          },
          {
            "d": "CO3"
          },
          {
            "d": "GEBAY"
          },
          {
            "d": "UKMGB"
          },
          {
            "d": "EYP"
          },
          {
            "d": "BDX"
          },
          {
            "d": "ZCU"
          },
          {
            "d": "GBVCP"
          },
          {
            "d": "OCLCO"
          },
          {
            "d": "OCLCQ"
          },
          {
            "d": "OCLCF"
          },
          {
            "d": "SFR"
          },
          {
            "d": "ALAMR"
          },
          {
            "d": "OCLCQ"
          },
          {
            "d": "OCLCO"
          },
          {
            "d": "OCLCQ"
          },
          {
            "d": "YT6"
          },
          {
            "d": "JDP"
          },
          {
            "d": "OCLCO"
          },
          {
            "d": "OCLCQ"
          },
          {
            "d": "OCLCO"
          },
          {
            "d": "OCL"
          },
          {
            "d": "OCLCQ"
          },
          {
            "d": "CSO"
          },
          {
            "d": "IAI"
          },
          {
            "d": "OCL"
          },
          {
            "d": "OCLCO"
          },
          {
            "d": "OCLCA"
          },
          {
            "d": "OCLCQ"
          },
          {
            "d": "OCLCO"
          }
        ]
      }
    },
    {
      "016": {
        "ind1": "7",
        "ind2": "\\",
        "subfields": [
          {
            "a": "013505528"
          },
          {
            "2": "Uk"
          }
        ]
      }
    },
    {
      "019": {
        "ind1": "\\",
        "ind2": "\\",
        "subfields": [
          {
            "a": "970770625"
          }
        ]
      }
    },
    {
      "020": {
        "ind1": "\\",
        "ind2": "\\",
        "subfields": [
          {
            "a": "0060184124"
          },
          {
            "q": "(acid-free paper)"
          }
        ]
      }
    },
    {
      "020": {
        "ind1": "\\",
        "ind2": "\\",
        "subfields": [
          {
            "a": "9780060184124"
          },
          {
            "q": "(acid-free paper)"
          }
        ]
      }
    },
    {
      "020": {
        "ind1": "\\",
        "ind2": "\\",
        "subfields": [
          {
            "z": "0061120790"
          },
          {
            "q": "(lg. print ;"
          },
          {
            "q": "acid-free paper)"
          }
        ]
      }
    },
    {
      "020": {
        "ind1": "\\",
        "ind2": "\\",
        "subfields": [
          {
            "z": "9780061120794"
          },
          {
            "q": "(lg. print ;"
          },
          {
            "q": "acid-free paper)"
          }
        ]
      }
    },
    {
      "024": {
        "ind1": "3",
        "ind2": "\\",
        "subfields": [
          {
            "a": "9780060184124"
          }
        ]
      }
    },
    {
      "035": {
        "ind1": "\\",
        "ind2": "\\",
        "subfields": [
          {
            "a": "(OCoLC)62326859"
          },
          {
            "z": "(OCoLC)970770625"
          }
        ]
      }
    },
    {
      "043": {
        "ind1": "\\",
        "ind2": "\\",
        "subfields": [
          {
            "a": "n-us---"
          }
        ]
      }
    },
    {
      "050": {
        "ind1": "0",
        "ind2": "0",
        "subfields": [
          {
            "a": "E664.B865"
          },
          {
            "b": "G73 2006"
          }
        ]
      }
    },
    {
      "082": {
        "ind1": "0",
        "ind2": "4",
        "subfields": [
          {
            "a": "929.208996073"
          },
          {
            "b": "GRA"
          }
        ]
      }
    },
    {
      "100": {
        "ind1": "1",
        "ind2": "\\",
        "subfields": [
          {
            "a": "Graham, Lawrence."
          }
        ]
      }
    },
    {
      "245": {
        "ind1": "1",
        "ind2": "4",
        "subfields": [
          {
            "a": "The senator and the socialite :"
          },
          {
            "b": "the true story of America's first Black dynasty /"
          },
          {
            "c": "Lawrence Otis Graham."
          }
        ]
      }
    },
    {
      "250": {
        "ind1": "\\",
        "ind2": "\\",
        "subfields": [
          {
            "a": "1st ed."
          }
        ]
      }
    },
    {
      "260": {
        "ind1": "\\",
        "ind2": "\\",
        "subfields": [
          {
            "a": "New York :"
          },
          {
            "b": "HarperCollins,"
          },
          {
            "c": "\u00a92006."
          }
        ]
      }
    },
    {
      "300": {
        "ind1": "\\",
        "ind2": "\\",
        "subfields": [
          {
            "a": "xxiv, 455 pages, 16 unnumbered pages of plates :"
          },
          {
            "b": "illustrations, portraits ;"
          },
          {
            "c": "24 cm"
          }
        ]
      }
    },
    {
      "336": {
        "ind1": "\\",
        "ind2": "\\",
        "subfields": [
          {
            "a": "text"
          },
          {
            "b": "txt"
          },
          {
            "2": "rdacontent"
          }
        ]
      }
    },
    {
      "337": {
        "ind1": "\\",
        "ind2": "\\",
        "subfields": [
          {
            "a": "unmediated"
          },
          {
            "b": "n"
          },
          {
            "2": "rdamedia"
          }
        ]
      }
    },
    {
      "338": {
        "ind1": "\\",
        "ind2": "\\",
        "subfields": [
          {
            "a": "volume"
          },
          {
            "b": "nc"
          },
          {
            "2": "rdacarrier"
          }
        ]
      }
    },
    {
      "386": {
        "ind1": "\\",
        "ind2": "\\",
        "subfields": [
          {
            "n": "eth"
          },
          {
            "a": "African Americans"
          },
          {
            "2": "lcdgt"
          }
        ]
      }
    },
    {
      "386": {
        "ind1": "\\",
        "ind2": "\\",
        "subfields": [
          {
            "n": "nat"
          },
          {
            "a": "Americans"
          },
          {
            "2": "lcdgt"
          }
        ]
      }
    },
    {
      "504": {
        "ind1": "\\",
        "ind2": "\\",
        "subfields": [
          {
            "a": "Includes bibliographical references (pages 431-435) and index."
          }
        ]
      }
    },
    {
      "505": {
        "ind1": "0",
        "ind2": "\\",
        "subfields": [
          {
            "a": "1875: A senator is sworn in and a dynasty begins -- 1841-1861: Blanche Bruce's slave family in Virginia and Missouri -- 1841-1860: The free aristocratic family of Josephine Willson -- 1862-1870: Bruce finds Kansas freedom, Ohio education, and Mississippi reconstruction -- 1870-1874: Bruce builds a base of power in Mississippi and is elected to the U.S. Senate -- 1875-1877: The start of a Senate career -- 1877-1878: A senator and a socialite marry despite family and class conflicts -- 1878: A Black dynasty begins -- 1879-1880: A new child and a new redemption Congress -- 1880-1888: Bruce leaves the Senate, joins the Treasury Department, then enters private life -- 1889-1895: Bruce persuades President Harrison to give him a job and his wife gains her independence -- 1895-1898: The senator gets appointed by President McKinley as his son breaks barriers at Phillips Exeter; the senator dies -- March 1898-June 1902: The senator's son begins a courtship at Harvard, and the senator's widow carries out a legacy -- 1902: Roscoe builds an alliance with Booker T. Washington -- 1903: A marriage of the second generation, and life in Tuskegee -- December 1903-1906: Roscoe and Clara build the next generation -- 1906-1914: A triumphant return to Washington life: the Bruce family's second generation emerges -- 1915-1922: Roscoe's downfall in Washington -- 1923-1924: Roscoe struggles with Harvard's president, his family finances, and his children's success -- 1925-1929: The family moves to Cambridge and New York, and Roscoe builds an alliance with John D. Rockefeller Jr. -- 1930-1939: The third generation makes news, and the senator's grandson goes to prison -- 1940-1967: The third Bruce generation erases a proud history."
          }
        ]
      }
    },
    {
      "520": {
        "ind1": "\\",
        "ind2": "\\",
        "subfields": [
          {
            "a": "Follows the lives and fortunes of the Bruce family, from Blanche Kelso Bruce, who was born a slave in 1841 and became the first black person to serve a full term in the Senate, to the scandal that sent his grandson to prison."
          }
        ]
      }
    },
    {
      "600": {
        "ind1": "1",
        "ind2": "0",
        "subfields": [
          {
            "a": "Bruce, Blanche Kelso,"
          },
          {
            "d": "1841-1898."
          }
        ]
      }
    },
    {
      "600": {
        "ind1": "1",
        "ind2": "0",
        "subfields": [
          {
            "a": "Bruce, Josephine,"
          },
          {
            "d": "1853-1923."
          }
        ]
      }
    },
    {
      "610": {
        "ind1": "1",
        "ind2": "0",
        "subfields": [
          {
            "a": "United States."
          },
          {
            "b": "Congress."
          },
          {
            "b": "Senate"
          },
          {
            "v": "Biography."
          }
        ]
      }
    },
    {
      "600": {
        "ind1": "1",
        "ind2": "0",
        "subfields": [
          {
            "a": "Bruce, Roscoe Conkling,"
          },
          {
            "d": "1879-1950."
          }
        ]
      }
    },
    {
      "600": {
        "ind1": "1",
        "ind2": "0",
        "subfields": [
          {
            "a": "Bruce, Blanche Kelso,"
          },
          {
            "d": "1841-1898"
          },
          {
            "x": "Family."
          }
        ]
      }
    },
    {
      "600": {
        "ind1": "3",
        "ind2": "0",
        "subfields": [
          {
            "a": "Bruce family."
          }
        ]
      }
    },
    {
      "600": {
        "ind1": "1",
        "ind2": "7",
        "subfields": [
          {
            "a": "Bruce, Blanche Kelso,"
          },
          {
            "d": "1841-1898."
          },
          {
            "2": "fast"
          },
          {
            "0": "(OCoLC)fst00159433"
          }
        ]
      }
    },
    {
      "600": {
        "ind1": "3",
        "ind2": "7",
        "subfields": [
          {
            "a": "Bruce family."
          },
          {
            "2": "fast"
          },
          {
            "0": "(OCoLC)fst00217428"
          }
        ]
      }
    },
    {
      "600": {
        "ind1": "1",
        "ind2": "7",
        "subfields": [
          {
            "a": "Bruce, Josephine,"
          },
          {
            "d": "1853-1923."
          },
          {
            "2": "fast"
          },
          {
            "0": "(OCoLC)fst01942264"
          }
        ]
      }
    },
    {
      "600": {
        "ind1": "1",
        "ind2": "7",
        "subfields": [
          {
            "a": "Bruce, Roscoe Conkling,"
          },
          {
            "d": "1879-1950."
          },
          {
            "2": "fast"
          },
          {
            "0": "(OCoLC)fst00446969"
          }
        ]
      }
    },
    {
      "610": {
        "ind1": "1",
        "ind2": "7",
        "subfields": [
          {
            "a": "United States."
          },
          {
            "b": "Congress."
          },
          {
            "b": "Senate."
          },
          {
            "2": "fast"
          },
          {
            "0": "(OCoLC)fst00530422"
          }
        ]
      }
    },
    {
      "650": {
        "ind1": "\\",
        "ind2": "0",
        "subfields": [
          {
            "a": "Legislators"
          },
          {
            "z": "United States"
          },
          {
            "v": "Biography."
          }
        ]
      }
    },
    {
      "650": {
        "ind1": "\\",
        "ind2": "0",
        "subfields": [
          {
            "a": "African American legislators"
          },
          {
            "v": "Biography."
          }
        ]
      }
    },
    {
      "650": {
        "ind1": "\\",
        "ind2": "0",
        "subfields": [
          {
            "a": "Legislators' spouses"
          },
          {
            "z": "United States"
          },
          {
            "v": "Biography."
          }
        ]
      }
    },
    {
      "650": {
        "ind1": "\\",
        "ind2": "7",
        "subfields": [
          {
            "a": "African American legislators."
          },
          {
            "2": "fast"
          },
          {
            "0": "(OCoLC)fst00799220"
          }
        ]
      }
    },
    {
      "650": {
        "ind1": "\\",
        "ind2": "7",
        "subfields": [
          {
            "a": "Families."
          },
          {
            "2": "fast"
          },
          {
            "0": "(OCoLC)fst01728849"
          }
        ]
      }
    },
    {
      "650": {
        "ind1": "\\",
        "ind2": "7",
        "subfields": [
          {
            "a": "Legislators."
          },
          {
            "2": "fast"
          },
          {
            "0": "(OCoLC)fst00995828"
          }
        ]
      }
    },
    {
      "650": {
        "ind1": "\\",
        "ind2": "7",
        "subfields": [
          {
            "a": "Legislators' spouses."
          },
          {
            "2": "fast"
          },
          {
            "0": "(OCoLC)fst00995904"
          }
        ]
      }
    },
    {
      "651": {
        "ind1": "\\",
        "ind2": "7",
        "subfields": [
          {
            "a": "United States."
          },
          {
            "2": "fast"
          },
          {
            "0": "(OCoLC)fst01204155"
          }
        ]
      }
    },
    {
      "655": {
        "ind1": "\\",
        "ind2": "7",
        "subfields": [
          {
            "a": "Biographies."
          },
          {
            "2": "fast"
          },
          {
            "0": "(OCoLC)fst01919896"
          }
        ]
      }
    },
    {
      "655": {
        "ind1": "\\",
        "ind2": "7",
        "subfields": [
          {
            "a": "Biographies."
          },
          {
            "2": "lcgft"
          }
        ]
      }
    },
    {
      "856": {
        "ind1": "4",
        "ind2": "1",
        "subfields": [
          {
            "3": "Table of contents"
          },
          {
            "u": "http://catdir.loc.gov/catdir/toc/fy0702/2005055146.html"
          }
        ]
      }
    },
    {
      "994": {
        "ind1": "\\",
        "ind2": "\\",
        "subfields": [
          {
            "a": "Z0"
          },
          {
            "b": "NYRVC"
          }
        ]
      }
    },
    {
      "948": {
        "ind1": "\\",
        "ind2": "\\",
        "subfields": [
          {
            "h": "NO HOLDINGS IN NYRVC - 822 OTHER HOLDINGS"
          }
        ]
      }
    },
    {
      "999": {
        "ind1": "\\",
        "ind2": "\\",
        "subfields": [
          {
            "a": "00000000015302"
          }
        ]
      }
    }
  ]
}